<?xml version = "1.0" encoding = "UTF-8"?><OAI-PMH xmlns="http://www.openarchives.org/OAI/2.0/" xmlns:xsi="http://www.w3.org/2001/XMLSchema-instance" xsi:schemaLocation="http://www.openarchives.org/OAI/2.0/ http://www.openarchives.org/OAI/2.0/OAI-PMH.xsd"><ListRecords><record><header><identifier>aleph-publish:021860174</identifier></header><metadata><record xmlns="http://www.ddb.de/professionell/mabxml/mabxml-1.xsd"><leader>------M2.01200024------u</leader><controlfield tag="LDR">------M2.01200024------u</controlfield><controlfield tag="FMT">MU</controlfield><datafield tag="001" ind1="-" ind2="1"><subfield code="a">HT019357035</subfield></datafield><datafield tag="001" ind1="-" ind2="2"><subfield code="a">HT006472521</subfield></datafield><datafield tag="002" ind1="a" ind2="1"><subfield code="a">20170614</subfield></datafield><datafield tag="002" ind1="a" ind2="2"><subfield code="a">19950105</subfield></datafield><datafield tag="003" ind1="-" ind2="2"><subfield code="a">20170614</subfield></datafield><datafield tag="010" ind1="-" ind2="1"><subfield code="a">HT006472521</subfield></datafield><datafield tag="025" ind1="o" ind2="1"><subfield code="a">1075103811</subfield></datafield><datafield tag="025" ind1="o" ind2="2"><subfield code="a">260212682</subfield></datafield><datafield tag="026" ind1="-" ind2="1"><subfield code="a">HBZHT019357035</subfield></datafield><datafield tag="026" ind1="-" ind2="2"><subfield code="a">HBZHT006472521</subfield></datafield><controlfield tag="030">a|zur||||||||</controlfield><datafield tag="036" ind1="a" ind2="2"><subfield code="a">US</subfield></datafield><datafield tag="037" ind1="b" ind2="1"><subfield code="a">eng</subfield></datafield><datafield tag="037" ind1="b" ind2="2"><subfield code="a">eng</subfield></datafield><controlfield tag="050">a|||||||||||||</controlfield><datafield tag="060" ind1="-" ind2="1"><subfield code="b">txt</subfield><subfield code="a">Text</subfield></datafield><datafield tag="061" ind1="-" ind2="1"><subfield code="b">n</subfield><subfield code="a">ohne Hilfsmittel zu benutzen</subfield></datafield><datafield tag="062" ind1="-" ind2="1"><subfield code="b">nc</subfield><subfield code="a">Band</subfield></datafield><datafield tag="070" ind1="-" ind2="1"><subfield code="a">38 M</subfield></datafield><datafield tag="070" ind1="-" ind2="2"><subfield code="a">38 M</subfield></datafield><datafield tag="070" ind1="b" ind2="2"><subfield code="a">38 M</subfield></datafield><datafield tag="080" ind1="-" ind2="1"><subfield code="a">60</subfield></datafield><datafield tag="080" ind1="-" ind2="2"><subfield code="a">60</subfield></datafield><controlfield tag="089">4, Translation to clinical application. part B</controlfield><datafield tag="090" ind1="-" ind2="1"><subfield code="a">4,B</subfield></datafield><datafield tag="100" ind1="b" ind2="2"><subfield code="p">Dunnett, S. B.</subfield><subfield code="b">[Hrsg.]</subfield><subfield code="9">(DE-588)172050448</subfield></datafield><datafield tag="101" ind1="-" ind2="2"><subfield code="p">Dunnett, Stephen B.</subfield></datafield><datafield tag="331" ind1="-" ind2="2"><subfield code="a">Functional neural transplantation</subfield></datafield><datafield tag="359" ind1="-" ind2="2"><subfield code="a">ed. Stephen B. Dunnett ...</subfield></datafield><datafield tag="403" ind1="-" ind2="1"><subfield code="a">First edition</subfield></datafield><datafield tag="410" ind1="-" ind2="2"><subfield code="a">New York</subfield></datafield><datafield tag="412" ind1="-" ind2="2"><subfield code="a">Raven Press</subfield></datafield><datafield tag="419" ind1="-" ind2="1"><subfield code="c">2017</subfield></datafield><datafield tag="425" ind1="b" ind2="2"><subfield code="a">1994</subfield></datafield><datafield tag="425" ind1="a" ind2="1"><subfield code="a">2017</subfield></datafield><datafield tag="433" ind1="-" ind2="1"><subfield code="a">xxvii, 287 Seiten</subfield></datafield><datafield tag="434" ind1="-" ind2="1"><subfield code="a">Illustrationen, Diagramme</subfield></datafield><datafield tag="451" ind1="-" ind2="1"><subfield code="a">Progress in brain research ; 231</subfield></datafield><datafield tag="451" ind1="-" ind2="2"><subfield code="a">Progress in brain research ; ...</subfield></datafield><datafield tag="453" ind1="-" ind2="1"><subfield code="a">HT001252634</subfield></datafield><datafield tag="455" ind1="-" ind2="1"><subfield code="a">231</subfield></datafield><datafield tag="456" ind1="-" ind2="1"><subfield code="a">231</subfield></datafield><datafield tag="511" ind1="-" ind2="2"><subfield code="a">Bd. 2 im Verl. Elsevier, Amsterdam [u.a.] erschienen</subfield></datafield><datafield tag="540" ind1="a" ind2="1"><subfield code="a">978-0-12-813879-3</subfield></datafield><datafield tag="655" ind1="e" ind2="1"><subfield code="m">V:DE-605</subfield><subfield code="q">application/pdf</subfield><subfield code="u">http://digitale-objekte.hbz-nrw.de/storage2/2017/06/23/file_7/7258082.pdf</subfield><subfield code="3">Inhaltsverzeichnis</subfield><subfield code="A">2</subfield></datafield><datafield tag="711" ind1="a" ind2="2"><subfield code="a">Nerve Tissue</subfield><subfield code="a">transplantation</subfield><subfield code="x">MeSH</subfield></datafield><datafield tag="711" ind1="a" ind2="2"><subfield code="a">Brain Tissue Transplantation</subfield><subfield code="x">MeSH</subfield></datafield><datafield tag="711" ind1="a" ind2="2"><subfield code="a">Central Nervous System</subfield><subfield code="a">physiology</subfield><subfield code="x">MeSH</subfield></datafield><controlfield tag="SYS">021860174</controlfield><datafield tag="LOW" ind1="-" ind2="1"><subfield code="a">KM001</subfield></datafield><datafield tag="LOW" ind1="-" ind2="1"><subfield code="a">B4003</subfield></datafield><datafield tag="088" ind1=" " ind2=" "><subfield code="a">38 M</subfield><subfield code="b">00000055</subfield><subfield code="c">2017 A 1012</subfield><subfield code="e">ILL Ausleihe</subfield></datafield><datafield tag="088" ind1=" " ind2=" "><subfield code="a">294/14</subfield><subfield code="b">00014000</subfield><subfield code="c">PY X / 1-231</subfield><subfield code="e">keine ILL</subfield></datafield></record></metadata></record></ListRecords></OAI-PMH>